% This file was created with JabRef 2.9.2.
% Encoding: Cp1252

@INPROCEEDINGS{Ackermann:2010,
  author = {Marcel R. Ackermann and Christiane Lammersen and Marcus M{\"a}rtens
	and Christoph Raupach and Christian Sohler and Kamil Swierkot},
  title = {StreamKM++: A Clustering Algorithms for Data Streams},
  booktitle = {ALENEX},
  year = {2010},
  pages = {173-187},
  bibsource = {DBLP, http://dblp.uni-trier.de},
  crossref = {DBLP:conf/alenex/2010},
  ee = {http://www.siam.org/proceedings/alenex/2010/alx10_016_ackermannm.pdf},
  url = {http://www.siam.org/proceedings/alenex/2010/alx10_016_ackermannm.pdf}
}

@ARTICLE{Ailon:2009,
  author = {Ailon, Nir and Jaiswal, Ragesh and Monteleoni, Claire},
  title = {Streaming k-means approximation},
  journal = {Advances in Neural Information Processing Systems},
  year = {2009},
  volume = {22},
  pages = {10--18},
  url = {http://www1.cs.columbia.edu/~rjaiswal/ajmNIPS09.pdf}
}

@INPROCEEDINGS{Arthur:2007,
  author = {Arthur, David and Vassilvitskii, Sergei},
  title = {k-means++: the advantages of careful seeding},
  booktitle = {Proceedings of the eighteenth annual ACM-SIAM symposium on Discrete
	algorithms},
  year = {2007},
  series = {SODA '07},
  pages = {1027--1035},
  address = {Philadelphia, PA, USA},
  publisher = {Society for Industrial and Applied Mathematics},
  acmid = {1283494},
  isbn = {978-0-898716-24-5},
  location = {New Orleans, Louisiana},
  numpages = {9},
  url = {http://dl.acm.org/citation.cfm?id=1283383.1283494}
}

@ARTICLE{Bahmani:2012,
  author = {Bahmani, Bahman and Moseley, Benjamin and Vattani, Andrea and Kumar,
	Ravi and Vassilvitskii, Sergei},
  title = {Scalable k-means++},
  journal = {Proc. VLDB Endow.},
  year = {2012},
  volume = {5},
  pages = {622--633},
  number = {7},
  month = mar,
  acmid = {2180915},
  issn = {2150-8097},
  issue_date = {March 2012},
  numpages = {12},
  publisher = {VLDB Endowment},
  url = {http://dl.acm.org/citation.cfm?id=2180912.2180915}
}

@INPROCEEDINGS{Bottou:1995,
  author = {Leon Bottou and Yoshua Bengio},
  title = {Convergence Properties of the K-Means Algorithms},
  booktitle = {Advances in Neural Information Processing Systems 7},
  year = {1995},
  pages = {585--592},
  publisher = {MIT Press},
  url = {http://citeseerx.ist.psu.edu/viewdoc/summary?doi=10.1.1.50.3258}
}

@INPROCEEDINGS{Braverman:2011,
  author = {Braverman, Vladimir and Meyerson, Adam and Ostrovsky, Rafail and
	Roytman, Alan and Shindler, Michael and Tagiku, Brian},
  title = {Streaming k-means on well-clusterable data},
  booktitle = {Proceedings of the Twenty-Second Annual ACM-SIAM Symposium on Discrete
	Algorithms},
  year = {2011},
  series = {SODA '11},
  pages = {26--40},
  publisher = {SIAM},
  acmid = {2133039},
  location = {San Francisco, California},
  numpages = {15},
  url = {http://dl.acm.org/citation.cfm?id=2133036.2133039}
}

@INPROCEEDINGS{Charikar:1999,
  author = {Charikar, M. and Guha, S.},
  title = {Improved combinatorial algorithms for the facility location and k-median
	problems},
  booktitle = {Foundations of Computer Science, 1999. 40th Annual Symposium on},
  year = {1999},
  pages = {378-388},
  doi = {10.1109/SFFCS.1999.814609},
  issn = {0272-5428},
  keywords = {computational complexity;duality (mathematics);facility location;optimisation;search
	problems;approximation algorithms;approximation factor;approximation
	guarantee;approximation ratio;best known LP-based algorithm;best
	known algorithm;bicriteria approximation tradeoff;capacitated facility
	location;combinatorial approximation algorithms;cost scaling;facility
	cost;facility location;greedy improvement;greedy local search algorithm;k-median
	problem;k-median problems;primal dual algorithm;service cost;uncapacitated
	facility location;Approximation algorithms;Bismuth;Cost function;Electrical
	capacitance tomography;Filtering algorithms;Linear programming;Nonlinear
	filters}
}

@INPROCEEDINGS{Dean:2004,
  author = {Dean, Jeffrey and Ghemawat, Sanjay},
  title = {MapReduce: simplified data processing on large clusters},
  booktitle = {Proceedings of the 6th conference on Symposium on Opearting Systems
	Design \& Implementation - Volume 6},
  year = {2004},
  series = {OSDI'04},
  pages = {10--10},
  address = {Berkeley, CA, USA},
  publisher = {USENIX Association},
  acmid = {1251264},
  location = {San Francisco, CA},
  numpages = {1},
  url = {http://dl.acm.org/citation.cfm?id=1251254.1251264}
}

@ARTICLE{Guha:2003,
  author = {Guha, S. and Meyerson, A. and Mishra, N. and Motwani, R. and O''Callaghan,
	L.},
  title = {Clustering data streams: Theory and practice},
  journal = {Knowledge and Data Engineering, IEEE Transactions on},
  year = {2003},
  volume = {15},
  pages = {515-528},
  number = {3},
  doi = {10.1109/TKDE.2003.1198387},
  issn = {1041-4347},
  keywords = {data mining;facility location;learning (artificial intelligence);Web
	documents;approximation algorithms;clickstreams;data streams clustering;empirical
	evidence;real data streams;telephone records;Algorithm design and
	analysis;Approximation algorithms;Clustering algorithms;Data analysis;Meteorology;Partitioning
	algorithms;Statistics;Streaming media;Telephony;Web pages}
}

@ARTICLE{Lloyd:1982,
  author = {Lloyd, S.},
  title = {Least squares quantization in PCM},
  journal = {Information Theory, IEEE Transactions on},
  year = {1982},
  volume = {28},
  pages = {129-137},
  number = {2},
  doi = {10.1109/TIT.1982.1056489},
  issn = {0018-9448},
  keywords = {Least-squares approximation;PCM communication;Quantization (signal);Signal
	quantization;Amplitude modulation;Frequency;Helium;Laplace equations;Least
	squares methods;Phase change materials;Pulse modulation;Quantization;Sampling
	methods;Voltage}
}

@INPROCEEDINGS{Meyerson:2001,
  author = {Meyerson, A.},
  title = {Online Facility Location},
  booktitle = {Proceedings of the 42nd IEEE symposium on Foundations of Computer
	Science},
  year = {2001},
  series = {FOCS '01},
  pages = {426--},
  address = {Washington, DC, USA},
  publisher = {IEEE Computer Society},
  acmid = {875567},
  isbn = {0-7695-1390-5},
  url = {http://dl.acm.org/citation.cfm?id=874063.875567}
}

@INPROCEEDINGS{Sculley:2010,
  author = {Sculley, D.},
  title = {Web-scale k-means clustering},
  booktitle = {Proceedings of the 19th international conference on World wide web},
  year = {2010},
  series = {WWW '10},
  pages = {1177--1178},
  address = {New York, NY, USA},
  publisher = {ACM},
  acmid = {1772862},
  doi = {10.1145/1772690.1772862},
  isbn = {978-1-60558-799-8},
  keywords = {scalability, sparse solutions, unsupervised clustering},
  location = {Raleigh, North Carolina, USA},
  numpages = {2}
}

@INCOLLECTION{Shindler:2011,
  author = {Michael Shindler and Alex Wong and Adam W. Meyerson},
  title = {Fast and Accurate k-means For Large Datasets},
  booktitle = {Advances in Neural Information Processing Systems 24},
  publisher = {NIPS},
  year = {2011},
  editor = {J. Shawe-Taylor and R.S. Zemel and P. Bartlett and F.C.N. Pereira
	and K.Q. Weinberger},
  pages = {2375--2383},
  url = {http://books.nips.cc/papers/files/nips24/NIPS2011_1271.pdf}
}

@ARTICLE{Zhang:1996,
  author = {Zhang, Tian and Ramakrishnan, Raghu and Livny, Miron},
  title = {BIRCH: an efficient data clustering method for very large databases},
  journal = {SIGMOD Rec.},
  year = {1996},
  volume = {25},
  pages = {103--114},
  number = {2},
  month = jun,
  acmid = {233324},
  address = {New York, NY, USA},
  doi = {10.1145/235968.233324},
  issn = {0163-5808},
  issue_date = {June 1996},
  numpages = {12},
  publisher = {ACM}
}

